<record><leader>00000cas a22000007a 4500</leader><controlfield tag="001">22102585</controlfield><controlfield tag="008">900719d19381939maudn ne      0    0eng d</controlfield><controlfield tag="009">9107</controlfield><datafield ind1=" " ind2=" " tag="010"><subfield code="a">sn 89062402 </subfield></datafield><datafield ind1=" " ind2=" " tag="040"><subfield code="a">MGN</subfield><subfield code="b">eng</subfield><subfield code="c">MGN</subfield><subfield code="d">OCLCQ</subfield></datafield><datafield ind1=" " ind2=" " tag="042"><subfield code="a">msc</subfield></datafield><datafield ind1="0" ind2=" " tag="130"><subfield code="a">Medford Mercury (Medford, Mass. : Daily)</subfield></datafield><datafield ind1="0" ind2="0" tag="245"><subfield code="a">Medford Mercury.</subfield></datafield><datafield ind1=" " ind2=" " tag="260"><subfield code="a">Medford, Mass. :</subfield><subfield code="b">Medford Pub. Co.,</subfield></datafield><datafield ind1=" " ind2=" " tag="300"><subfield code="a">v.</subfield></datafield><datafield ind1=" " ind2=" " tag="310"><subfield code="a">Daily (except Sun. and holidays)</subfield></datafield><datafield ind1="0" ind2=" " tag="362"><subfield code="a">Vol. 21, no. [215] (June 16, 1938)-v. 22, no. 212 (June 12, 1939).</subfield></datafield><datafield ind1=" " ind2=" " tag="500"><subfield code="a">The issue for June 16, 1938 is numbered Vol. 21, no. 214 but constitutes Vol. 21, no. 215.</subfield></datafield><datafield ind1="0" ind2="0" tag="780"><subfield code="t">Medford daily evening Mercury (Medford, Mass. : 1927)</subfield><subfield code="w">(DLC)sn 89062401</subfield></datafield><datafield ind1="0" ind2="0" tag="785"><subfield code="t">Medford daily evening Mercury (Medford, Mass. : 1939)</subfield><subfield code="w">(DLC)sn 89062403</subfield></datafield></record>